@INPROCEEDINGS{Me1,
  author       = {Конончук, Д. О. and Окуловский, Ю. С.},
  year         = {2009},
  title        = {Модель и реализация конструктора генетических алгоритмов и алгоритмов коллективного разума},
  booktitle    = {Секция <<Интеллектуальные системы и технологии>> в рамках <<Научной сессии МИФИ-2009>>},
  address      = {Москва},
  publisher    = {НИЯУ МИФИ},
  language = {russian}
}
@INPROCEEDINGS{Me2,
  author       = {Конончук, Д. О. and Окуловский, Ю. С.},
  year         = {2009},
  title        = {Универсальный пакет поддержки интеллектуальных вычислений GANS},
  booktitle    = {6-ая Всероссийская межвузовская конференция молодых ученых.  Труды конференции. Выпуск 4. Математическое моделирование и программное обеспечение.},
  address      = {Санкт-Петербург},
  pages        = {151--157},
  language = {russian}
}
@book{RPC,
    title = {Power programming with RPC},
    author = {John Bloomer},
    publisher    = {O'Reilly Media},
    year         = {1992},
    address      = {Sebastopol, CA, USA},
    pages        = {486}
}
@book{ASP,
    title = {Concurrent Programming on Windows: Architecture, Principles, and Patterns},
    author = {Joe Duffy},
    edition = {2nd},
    pages = {958},
    year = {2008},
    publisher = {Addison--Wesley},
    address = {Reading, MA, USA}
}
@BOOK{CSharpStandard,
  author       = {Jon Jagger and Nigel Perry and Peter Sestoft},
  title        = {C\# annotated standard},
  chapter      = {17.7.1},
  publisher    = {Morgan Kaufmann},
  year         = {2007},
  address      = {San Fransisco, CA, USA},
  pages        = {825}
}
@INBOOK{Reflection,
  author       = {Jesse Liberty and Donald Xie},
  title        = {Programming C\# 3.0},
  chapter      = {20},
  publisher    = {O'Reilly Media},
  year         = {2007},
  address      = {Sebastopol, CA, USA},
  pages        = {587}
}
@INPROCEEDINGS{ObjPool,
  author       = {Michael Kircher and Prashant Jain},
  title        = {Pooling Pattern},
  year         = {2002},
  booktitle    = {The EuroPLoP conference},
  address      = {Irsee, Germany},
}
@book{Parallel,
    title = {Pro .Net 4.0 Parallel Programming in C\#},
    author = {Adam Freeman},
    publisher = {Apress},
    year = {2010},
    pages = {350},
    address = {New York, NY, USA}
}
@book{WCF,
    title = {Programming WCF Services},
    author = {Juval L\"{o}wy},
    edition = {2nd},
    publisher = {O'Reilly Media},
    year = {2008},
    pages = {750},
    address = {Sebastopol, CA, USA}
}
@book{Contracts,
    author = {Bertrand Meyer},
    title = {Object-Oriented Software Construction},
    edition = {2nd},
    year = {1997},
    pages = {1254},
    publisher = {Prentice-Hall},
    address = {Englewood Cliffs, NJ, USA},
}
@online{CodeContracts,
    title = {Code Contracts},
    url = {http://msdn.microsoft.com/en-us/devlabs/dd491992.aspx}
}
@book{DotNet4,
    title = {Pro C\# 2010 and the .NET 4.0 Platform},
    author = {Andrew Troelsen},
    edition = {5th},
    publisher = {Apress},
    year = {2009},
    pages = {1350},
    address = {New York, NY, USA}
}
@book{DBBook,
    author = {Bernstein, Philip A. and Newcomer, Eric},
    edition = {2nd},
    howpublished = {Paperback},
    publisher = {Morgan Kaufmann},
  address      = {San Fransisco, CA, USA},
    title = {Principles of Transaction Processing},
    year = {2009}
}
@book{ObjectOriented,
    author = {Abadi, Mart\'{\i}n and Cardelli, Luca},
    publisher = {Springer},
         address = {New York, NY, USA},
    series = {Monographs in computer science},
    title = {A theory of objects},
    year = {1996}
}
@ONLINE{EOECF,
	title = {EO Evolutionary Computation Framework},
	url = {http://eodev.sourceforge.net/}
}
@online{ECF,
	title = {Evolutionary Computation Framework},
	url = {http://gp.zemris.fer.hr/ecf/}
}
@article{AStar,
 author = {Hart, Peter E. and Nilsson, Nils J. and Raphael, Bertram},
 title = {Correction to <<A Formal Basis for the Heuristic Determination of Minimum Cost Paths>>},
 journal = {SIGART Bulletin},
 number = {37},
 year = {1972},
 pages = {28--29},
 publisher = {ACM},
 address = {New York, NY, USA},
}
@INPROCEEDINGS{McCathy,
    author = {John McCarthy},
    title = {Artificial intelligence, logic and formalizing common sense},
    booktitle = {Philosophical Logic and Artificial Intelligence},
    year = {1989},
    pages = {161--190},
    publisher = {Kluwer Academic},
    address = {Dordrecht, Netherlands}
}
@Book{Russel, 
   author = {Stuart J. Russell and Peter Norvig},
   TITLE = {Artificial Intelligence: A Modern Approach},
   PUBLISHER = {Prentice-Hall},
   address = {Englewood Cliffs, NJ, USA},
   YEAR = {2003},
   EDITION = {2nd}
}
@book{Barasin,
    title = {Дискретная математика: графы, матроиды, алгоритмы},
    address = {Ижевск},
    publisher = {НИЦ <<РХД>>},
    year = {2001},
    pages = {288},
    author = {Асанов, М. О. and Баранский, В. А. and Расин, В. В.},
    language = {russian}
}
@Book{NilsonNJ, 
   AUTHOR = {Nilsson, N. J.},
   TITLE = {Principles of Artificial Intelligence},
   PUBLISHER = {Tioga Publishing Company},
   address = {Palo Alto, CA, USA},
   YEAR = {1979}
}
@Book{CompIntel,
    author = {Andries P. Engelbrecht},
    title = {Computational Intelligence: An Introduction},
    publisher = {John Wiley and Sons},
    address = {Hoboken, NJ, USA},
    edition ={2nd},
    year = {2007},
}
@article{CompIntelDef,
          editor = {Wlodzislaw Duch and Jacek Mandziuk},
           title = {What is Computational Intelligence and where is it going?},
          author = {Duch Wlodzislaw},
       publisher = {Springer},
            year = {2007},
         journal = {Challenges for Computational Intelligence},
         address = {New York, NY, USA}
}
@book{MultTechDef,
 author = {Konar, Amit},
 title = {Computational Intelligence: Principles, Techniques and Applications},
 year = {2005},
 publisher = {Springer},
         address = {New York, NY, USA}
}
@book{NS,
    author = {Саймон Хайкин},
    title = {Нейронные сети: полный курс},
    year = {2006},
    publisher = {Вильямс},
    address = {Москва},
    language = {russian},
    edition = {2е}
}
@book{FS,
    author = {Kevin M. Passino and Stephen Yurkovich},
    title = {Fuzzy Control},
    year = {1998},
    address = {Menlo Park, CA, USA},
    publisher = {Addison--Wesley--Longman},
    pages = {475}
}
@book{EM,
    author = {Емельянов, В. В.  and  Курейчик, В. В. and  Курейчик, В. М.},
    title = {Теория и практика эволюционного моделирования},
    publisher = {Физматлит},
    year = {2003},
    address = {Москва},
    pages = {432},
    language = {russian},
}
@book{GA,
  author = {L. J. Fogel and A. J. Owens and M. J. Walsh},
    publisher = {John Wiley and Sons},
    address = {Hoboken, NJ, USA},
  title = {Artificial intelligence through simulated evolution},
  year = 1966,
}
@book{ShodGA,
    author = {Рутковская, Д. and Пилиньский, М. and Рутковский, Л.},
    publisher = {Горячая Линия--Телеком},
    address = {Москва},
    year = {2007},
    language = {russian},
    pages = {452},
    title = {Нейронные сети, генетические алгоритмы и нечеткие системы}
}
@phdthesis{OptGA,
  address = {Ann Arbor, MI, USA},
  author = {K. A. De Jong},
  school = {University of Michigan},
  title = {An analysis of the behavior of a class of genetic adaptive systems},
  year = {1975},
}
@article{LEM,
  author = {Ryszard S. Michalski},
  journal = {Machine Learning},
  publisher = {Springer},
         address = {New York, NY, USA},
  number = {1-2},
  pages = {9-40},
  title = {Learnable Evolution Model: Evolutionary Processes Guided by Machine Learning},
  volume = 38,
  year = 2000,
}
@book{PSO,
  address = {San Francisco, CA, USA},
  author = {James Kennedy and Russell C. Eberhart},
  publisher = {Morgan Kaufmann},
  title = {Swarm intelligence},
  year = 2001,
}
@book{Nomogen,
    pages = {306},
    year = {1922},
    author = {Берг, Л. С.},
    title = {Номогенез или Эволюция на основе закономерности},
    language = {russian},
    address = {Петергоф},
    publisher = {Государственное издательство}
}
@article{AntAlg,
  author = {Marco Dorigo and Vittorio Maniezzo and Alberto Colorni},
  journal = {IEEE Transactions on Systems, Man, and Cybernetics Part B: Cybernetics},
  publisher = {IEEE Systems, Man, and Cybernetics Society},
  address = {New York, NY, USA},
  number = 1,
  pages = {29--41},
  title = {The {A}nt {S}ystem: {O}ptimization by a colony of cooperating
agents},
  volume = 26,
  year = 1996,
}
@article{HarmonySearch,
  author = {Zong Woo Geem and Joong-Hoon Kim and G. V. Loganathan},
  journal = {Simulation},
  number = 2,
  pages = {60-68},
  title = {A New Heuristic Optimization Algorithm: Harmony Search.},
  volume = 76,
  year = 2001,
}
@book{EvolComp,
  author = {K. A. DeJong},
  publisher = {The MIT Press},
  address = {Cambridge, MA, USA},
  title = {Evolutionary Computation: A Unified Approach},
  year = 2006,
}
@book{SwarmIntel,
  author = {Eric Bonabeau and Marco Dorigo and Guy Theraulaz},
  title = {Swarm Intelligence: From Natural to Artificial Systems},
  address = {New York, NY, USA},
  publisher = {Oxford University Press},
  year = 1999,
}
@book{SwarmINtelDM,
  editor = {Ajith Abraham and Crina Grosan and Vitorino Ramos},
  publisher = {Springer},
         address = {New York, NY, USA},
  series = {Studies in Computational Intelligence},
  title = {Swarm Intelligence in Data Mining},
  volume = 34,
  year = 2006,
}
@article{GraviSearch,
  author = {Esmat Rashedi and Hossein Nezamabadi-pour and Saeid Saryazdi},
  journal = {Information Science},
  number = 13,
  pages = {2232-2248},
  title = {GSA: A Gravitational Search Algorithm.},
  volume = 179,
  year = 2009,
}
@article{DI,
    title = {Dependency Injection \& Testable Objects: Designing loosely coupled and testable objects},
    author = {Jeremy Weiskotten},
    journal = {Dr. Dobb's Journal},
    year = {2006},
    month = {May}
}
@article{EA,
  author = {Adil Baykasoglu},
  journal = {The Computer Journal},
  number = 6,
  pages = 743,
  title = {Evolutionary Computation for Modeling and Optimization.},
  volume = 51,
  year = 2008,
}
@inproceedings{SOLID,
 author = {Sandi Metz},
 title = {SOLID Object-Oriented Design},
 year = {2009},
 booktitle = {Gothan Ruby Conference}
}
@INBOOK{Ostensive,
author = {Гастев, Ю. А.},
title = {Определение},
booktitle = {БСЭ},
edition = {3-е},
publisher = {Советская энциклопедия},
address = {Москва},
year = 1988,
language = {russian}
}
@INBOOK{STE,
author = {Галaл, Я. М.},
title = {Эволюционное учение},
booktitle = {Энциклопедия Кирилла и Мефодия},
address = {Москва},
publisher = {Кирилл и Мефодий},
year = 2003,
language = "russian"
}
@electronic{WhyDI,
    author = {Fowler, Martin},
    day = {3},
    month = {January},
    title = {Inversion of Control Containers and the Dependency Injection pattern},
    url = {http://www.itu.dk/courses/VOP/E2005/VOP2005E/8_injection.pdf},
    year = {2004}
}
@book{SRP,
 author = {McLaughlin, Brett D. and Pollice, Gary and West, Dave},
 title = {Head First Object-Oriented Analysis and Design: A Brain Friendly Guide to OOA\&D},
 year = {2006},
 publisher = {O'Reilly Media},
    address = {Sebastopol, CA, USA}
}
@article{ISP,
    author =    {Robert C. Martin},
    title =     {The Interface Segregation Principle},
    journal =   {{C}++ Report},
    publisher = {SIGS Publications},
    address = {Salt Lake City, UT, USA},
    year =      {1996},
    volume =    {8},
    month =     {August},
}
@book{Transactions,
    author = {Weikum, Gerhard and Vossen, Gottfried},
    howpublished = {Hardcover},
    publisher = {{Morgan Kaufmann}},
  address      = {San Fransisco, CA, USA},
    title = {Transactional Information Systems: Theory, Algorithms, and the Practice of Concurrency Control},
    year = {2001}
}
@book{Patterns,
    author = {Freeman, Elisabeth and Freeman, Eric and Bates, Bert and Sierra, Kathy},
    publisher = {O'Reilly Media},
    address = {Sebastopol, CA, USA},
    title = {Head First Design Patterns},
    year = {2004}
}
@book{SwarmInEvComp,
  title={Swarm Intelligence},
  author={Kennedy, J.F. and Kennedy, J. and Eberhart, R.C. and Shi, Y.},
  isbn={9781558605954},
  lccn={00069641},
  series={The Morgan Kaufmann Series in Evolutionary Computation},
  url={http://books.google.ru/books?id=vOx-QV3sRQsC},
  year={2001},
  publisher={Morgan Kaufmann Publishers}
}
@inproceedings{SDS,
    author = {Bishop, J. M.},
    booktitle = {First IEE Conference on Artifical Neural Networks},
    citeulike-article-id = {6591997},
    keywords = {file-import-10-01-27},
    pages = {329--331},
    posted-at = {2010-01-27 00:32:36},
    priority = {2},
    title = {{Stochastic Searching Networks}},
    year = {1989}
}
@inproceedings{SDSTime,
    author = {{Nasuto}, S. J. and Bishop, J. M. and Lauria, S.},
    booktitle = {Neural Computation '98},
    citeulike-article-id = {6592241},
    keywords = {file-import-10-01-27},
    posted-at = {2010-01-27 00:32:40},
    priority = {2},
    title = {{Time Complexity of Stochastic Diffusion Search}},
    year = {1998}
}
@inproceedings{SwarmInRobotics,
    author = {Beni, G. and Wang, J.},
    booktitle = {NATO Advanced Workshop on Robotics and Biological Systems},
    citeulike-article-id = {7832938},
    keywords = {swarm\_intelligence},
    location = {Il Ciocco, Italy},
    posted-at = {2010-09-14 12:16:33},
    priority = {2},
    title = {{Swarm intelligence in cellular robotic systems}},
    year = {1989}
}
@article{Bee,
    title={An artificial bee colony approach for clustering},
    volume={37},
    url={http://linkinghub.elsevier.com/retrieve/pii/S0957417409009452},
    number={7},
    journal={Expert Systems with Applications},
    publisher={Elsevier Ltd},
   author={Zhang, Changsheng and Ouyang, Dantong and Ning, Jiaxu},
   year={2010},
   pages={4761--4767}
}
@book{Firefly,
 author = {Yang, Xin-She},
 title = {Nature--Inspired Metaheuristic Algorithms},
 year = {2008},
 isbn = {1905986106, 9781905986101},
 publisher = {Luniver Press},
}
@article{ImmuneSystem,
    title={A Biologically Inspired Immune System for Computers},
    url={citeseer.ist.psu.edu/kephart94biologically.html},
    journal={Artificial Life IV Proceedings of the Fourth International Workshop on the Synthesis and Simulation of Living Systems},
    publisher={MIT Press},
    author={Kephart, J O},
    year={1994},
    pages={130--139}
}
@article{ChargedSearch,
 author = {Kaveh, A. and Talatahari, S.},
 title = {Charged system search for optimal design of frame structures},
 journal = {Appl. Soft Comput.},
 issue_date = {January, 2012},
 volume = {12},
 number = {1},
 year = {2012},
 issn = {1568-4946},
 pages = {382--393},
 numpages = {12},
 doi = {10.1016/j.asoc.2011.08.034},
 acmid = {2070070},
 publisher = {Elsevier Science Publishers B. V.},
 address = {Amsterdam, The Netherlands, The Netherlands},
 keywords = {Charged system search, Heuristic optimization algorithm, Steel frames},
} 
@article{Kaveh_Talatahari_2010, volume={213}, url={http://www.springerlink.com/index/10.1007/s00707-009-0270-4}, number={3-4}, journal={Acta Mechanica}, author={Kaveh, A and Talatahari, S}, year={2010}, pages={267--289}}
@online{JADE,
    url={http://jade.tilab.com/},
    title={JADE library}
}
@online{MASS,
    url={http://mass.aitia.ai/},
    title={Multi-Agent Simulation Suite}
}
@online{Repast,
    url={http://repast.sourceforge.net/},
    title={The Repast Suite}
}
@online{breve,
    url={http://www.spiderland.org/},
    title={The breve Simulation Environment}
}
@book{ParallelComputing,
 author = {Almasi, G. S. and Gottlieb, A.},
 title = {Highly parallel computing},
 year = {1989},
 isbn = {0-8053-0177-1},
 publisher = {Benjamin--Cummings Publishing Co., Inc.},
 address = {Redwood City, CA, USA},
}
@article{RaceConditions,
author = {Stephen H. Unger},
title = {Hazards, Critical Races, and Metastability},
journal ={IEEE Transactions on Computers},
volume = {44},
issn = {0018-9340},
year = {1995},
pages = {754-768},
doi = {http://doi.ieeecomputersociety.org/10.1109/12.391185},
publisher = {IEEE Computer Society},
address = {Los Alamitos, CA, USA},
}
@online{Incapsulation,
   author = "Wikipedia",
   title = "Encapsulation (object-oriented programming)",
   url = "http://en.wikipedia.org/wiki/Encapsulation_(object-oriented_programming)"
 }
@book{SoftwareArchitecture,
    author = {Bass, Len and Clements, Paul and Kazman, Rick},
    edition = {2},
    howpublished = {Hardcover},
    isbn = {0321154959},
    publisher = {Addison--Wesley Professional},
    address = {Reading, MA, USA},
    title = {Software Architecture in Practice (2nd Edition)},
    year = {2003}
}
@online{ImmutableObject,
    title = {Java theory and practice: To mutate or not to mutate?},
    author = {Goetz, Brian},
    url = {http://www.ibm.com/developerworks/java/library/j-jtp02183/index.html}
}
@book{CRTP,
    author = {Abrahams, David and Gurtovoy, Aleksey},
    howpublished = {Paperback},
    isbn = {0321227255},
    publisher = {Addison--Wesley Professional},
    address = {Reading, MA, USA},
    title = {{C++ Template Metaprogramming: Concepts, Tools, and Techniques from Boost and Beyond}},
    year = {2004}
}
@article{DIP,
    author = {Martin, Robert C.},
    journal = {C++ Report},
    title = {{The Dependency Inversion Principle}},
    year = {1996}
}
@book{TypeSystem,
 author = {Pierce, Benjamin C.},
 title = {Types and programming languages},
 year = {2002},
 isbn = {0-262-16209-1},
 publisher = {MIT Press},
 address = {Cambridge, MA, USA},
} 
@inproceedings{Liskov,
  author  = {Liskov, Barbara},
  title   = {{Data Abstraction and Hierarchy}},
  booktitle = {{Conference on Object-Oriented Programming Systems,
             Languages, and Applications (OOPSLA), Addendum to the Proceedings}},
  journal = {SIGPLAN Notices},
  volume  = {23},
  year    = 1987,
  pages   = {17--34},
  topics  = {Data Abstraction,Object-Orientation}
}
@online{Casting,
    author = {Guijarro, Emilio},
    title = {{Type casting impact over execution performance in C\#}},
    url = {http://www.codeproject.com/Articles/8052/Type-casting-impact-over-execution-performance-in}
}