@ARTICLE{Yoffe_1993_AP_42_173,
  author       = {A. D. Yoffe},
  title        = {Low-dimensional systems: quantum size effects and electronic
                  properties of semiconductor microcrystallites (zero-dimensional
                  systems) and some quasi-two-dimensional systems},
  journal      = {Adv. Phys.},
  pages        = {173--266},
  volume       = {42},
  year         = {1993},
  doi          = {10.1080/00018739300101484},
}

@ARTICLE{Efros_1982_FTP_16_7_1209,
  author       = {{\relax Ал}. Л. Эфрос and А. Л. Эфрос},
  title        = {Межзонное поглощение света в полупроводниковом шаре},
  journal      = {Физика и техника полупроводников},
  year         = {1982},
  volume       = {16},
  number       = {7},
  pages        = {1209--1214},
  language     = {russian},
}

@INPROCEEDINGS{Segall_1968,
  author       = {B. Segall},
  year         = {1968},
  editor       = {S. M. Ryvkin},
  booktitle    = {Proceedings of IXth Conference on the Physics of
                  Semiconductors, Moscow, 1968},
  pages        = {425},
  address      = {Leningrad},
  publisher    = {Nauka},
}

@INBOOK{Agranovich_1983,
  editor       = {V. M. Agranovich and R. M. Hochstrasser},
  title        = {Spectroscopy and Excitation Dynamics of Condensed Molecular
                  Systems},
  chapter      = {6},
  publisher    = {North-Holland},
  year         = {1983},
  series       = {Modern Problems in Condensed Matter Sciences},
  address      = {Amsterdam},
  isbn         = {0444863133},
}

@INCOLLECTION{InP,
  title        = {InP Basic Parameters at 300 K},
  booktitle    = {Electronic archive New Semiconductor Materials.
                  Characteristics and Properties},
  organization = {Ioffe Physico-Technical Institute},
  address      = {St. Petersburg},
  year         = {2001},
  url          = {http://www.ioffe.rssi.ru/SVA/NSM/Semicond/InP/basic.html},
  urldate      = {01.11.2009},
}

@PHDTHESIS{Mishchenko_1996,
  author       = {Е. Ж. Мищенко},
  title        = {Неупругое рассеяние света в системе взаимодействующих
                  электронов и фононов},
  school       = {ИТФ им. Л.~Д.~Ландау},
  year         = {1996},
  language     = {russian},
}

@DOCDISSER{Skvortsov_2008,
  author       = {М. А. Скворцов},
  title        = {Флуктуационные и интерференционные эффекты в мезоскопических
                  системах},
  school       = {ИТФ им. Л.~Д.~Ландау},
  year         = {2008},
  language     = {russian},
}






@INPROCEEDINGS{Me1,
  author       = {Конончук, Д. О. and Окуловский, Ю. С.},
  year         = {2009},
  title        = {Модель и реализация конструктора генетических алгоритмов и алгоритмов коллективного разума},
  booktitle    = {Секция <<Интеллектуальные системы и технологии>> в рамках <<Научной сессии МИФИ-2009>>},
  address      = {Москва},
  publisher    = {НИЯУ МИФИ},
  language = {russian}
}
@INPROCEEDINGS{Me2,
  author       = {Конончук, Д. О. and Окуловский, Ю. С.},
  year         = {2009},
  title        = {Универсальный пакет поддержки интеллектуальных вычислений GANS},
  booktitle    = {6-ая Всероссийская межвузовская конференция молодых ученых.  Труды конференции. Выпуск 4. Математическое моделирование и программное обеспечение.},
  address      = {Санкт-Петербург},
  pages        = {151--157},
  language = {russian}
}
@book{RPC,
    title = {Power programming with RPC},
    author = {John Bloomer},
    publisher    = {O'Reilly Media},
    year         = {1992},
    address      = {Sebastopol, CA, USA},
    pages        = {486}
}
@INBOOK{FieldLike,
  author       = {Jon Jagger and Nigel Perry and Peter Sestoft},
  title        = {C\# annotated standard},
  chapter      = {17.7.1},
  publisher    = {Morgan Kaufmann},
  year         = {2007},
  address      = {San Fransisco, CA, USA},
  pages        = {825}
}
@INBOOK{Reflection,
  author       = {Jesse Liberty and Donald Xie},
  title        = {Programming C\# 3.0},
  chapter      = {20},
  publisher    = {O'Reilly Media},
  year         = {2007},
  address      = {Sebastopol, CA, USA},
  pages        = {587}
}
@INPROCEEDINGS{ObjPool,
  author       = {Michael Kircher and Prashant Jain},
  title        = {Pooling Pattern},
  year         = {2002},
  booktitle    = {The EuroPLoP conference},
  address      = {Irsee, Germany},
}
@book{Parallel,
    title = {Pro .Net 4.0 Parallel Programming in C\#},
    author = {Adam Freeman},
    publisher = {Apress},
    year = {2010},
    pages = {350},
    address = {New York, NY, USA}
}
@book{WCF,
    title = {Programming WCF Services},
    author = {Juval L\"{o}wy},
    edition = {2nd},
    publisher = {O'Reilly Media},
    year = {2008},
    pages = {750},
    address = {Sebastopol, CA, USA}
}
@book{Contracts,
    author = {Bertrand Meyer},
    title = {Object-Oriented Software Construction},
    edition = {2nd},
    year = {1997},
    pages = {1254},
    publisher = {Prentice-Hall},
    address = {Englewood Cliffs, NJ, USA},
}
@online{CodeContracts,
    title = {Code Contracts},
    url = {http://msdn.microsoft.com/en-us/devlabs/dd491992.aspx}
}
@book{DotNet4,
    title = {Pro C\# 2010 and the .NET 4.0 Platform},
    author = {Andrew Troelsen},
    edition = {5th},
    publisher = {Apress},
    year = {2009},
    pages = {1350},
    address = {New York, NY, USA}
}
@book{DBBook,
    author = {Bernstein, Philip A. and Newcomer, Eric},
    edition = {2nd},
    howpublished = {Paperback},
    publisher = {Morgan Kaufmann},
  address      = {San Fransisco, CA, USA},
    title = {Principles of Transaction Processing},
    year = {2009}
}
@book{ObjectOriented,
    author = {Abadi, Mart\'{\i}n and Cardelli, Luca},
    publisher = {Springer},
         address = {New York, NY, USA},
    series = {Monographs in computer science},
    title = {A theory of objects},
    year = {1996}
}
@ONLINE{EOECF,
title = {EO Evolutionary Computation Framework},
url = {http://eodev.sourceforge.net/}
}
@online{ECF,
title = {Evolutionary Computation Framework},
url = {http://gp.zemris.fer.hr/ecf/}
}
@article{AStar,
 author = {Hart, Peter E. and Nilsson, Nils J. and Raphael, Bertram},
 title = {Correction to <<A Formal Basis for the Heuristic Determination of Minimum Cost Paths>>},
 journal = {SIGART Bulletin},
 number = {37},
 year = {1972},
 pages = {28--29},
 publisher = {ACM},
 address = {New York, NY, USA},
}
@INPROCEEDINGS{McCathy,
    author = {John McCarthy},
    title = {Artificial intelligence, logic and formalizing common sense},
    booktitle = {Philosophical Logic and Artificial Intelligence},
    year = {1989},
    pages = {161--190},
    publisher = {Kluwer Academic},
    address = {Dordrecht, Netherlands}
}
@Book{Russel, 
   author = {Stuart J. Russell and Peter Norvig},
   TITLE = {Artificial Intelligence: A Modern Approach},
   PUBLISHER = {Prentice-Hall},
   address = {Englewood Cliffs, NJ, USA},
   YEAR = {2003},
   EDITION = {2nd}
}
@book{Barasin,
    title = {Дискретная математика: графы, матроиды, алгоритмы},
    address = {Ижевск},
    publisher = {НИЦ <<РХД>>},
    year = {2001},
    pages = {288},
    author = {Асанов, М. О. and Баранский, В. А. and Расин, В. В.},
    language = {russian}
}
@Book{NilsonNJ, 
   AUTHOR = {Nilsson, N. J.},
   TITLE = {Principles of Artificial Intelligence},
   PUBLISHER = {Tioga Publishing Company},
   address = {Palo Alto, CA, USA},
   YEAR = {1979}
}
@Book{CompIntel,
    author = {Andries P. Engelbrecht},
    title = {Computational Intelligence: An Introduction},
    publisher = {John Wiley and Sons},
    address = {Hoboken, NJ, USA},
    edition ={2nd},
    year = {2007},
}
@article{CompIntelDef,
          editor = {Wlodzislaw Duch and Jacek Mandziuk},
           title = {What is Computational Intelligence and where is it going?},
          author = {Duch Wlodzislaw},
       publisher = {Springer},
            year = {2007},
         journal = {Challenges for Computational Intelligence},
         address = {New York, NY, USA}
}
@book{MultTechDef,
 author = {Konar, Amit},
 title = {Computational Intelligence: Principles, Techniques and Applications},
 year = {2005},
 publisher = {Springer},
         address = {New York, NY, USA}
}
@book{NS,
    author = {Саймон Хайкин},
    title = {Нейронные сети: полный курс},
    year = {2006},
    publisher = {Вильямс},
    address = {Москва},
    language = {russian},
    edition = {2е}
}
@book{FS,
    author = {Kevin M. Passino and Stephen Yurkovich},
    title = {Fuzzy Control},
    year = {1998},
    address = {Menlo Park, CA, USA},
    publisher = {Addison-Wesley-Longman},
    pages = {475}
}
@book{EM,
    author = {Емельянов, В. В.  and  Курейчик, В. В. and  Курейчик, В. М.},
    title = {Теория и практика эволюционного моделирования},
    publisher = {Физматлит},
    year = {2003},
    address = {Москва},
    pages = {432},
    language = {russian},
}
@book{GA,
  address = {Chichester, WS, UK},
  author = {L. J. Fogel and A. J. Owens and M. J. Walsh},
    publisher = {John Wiley and Sons},
    address = {Hoboken, NJ, USA},
  title = {Artificial intelligence through simulated evolution},
  year = 1966,
}
@book{ShodGA,
    author = {Рутковская, Д. and Пилиньский, М. and Рутковский, Л.},
    publisher = {Горячая Линия--Телеком},
    address = {Москва},
    year = {2007},
    language = {russian},
    pages = {452},
    title = {Нейронные сети, генетические алгоритмы и нечеткие системы}
}
@phdthesis{OptGA,
  address = {Ann Arbor, MI, USA},
  author = {K. A. De Jong},
  school = {University of Michigan},
  title = {An analysis of the behavior of a class of genetic adaptive systems},
  year = {1975},
}
@article{LEM,
  author = {Ryszard S. Michalski},
  journal = {Machine Learning},
  publisher = {Springer},
         address = {New York, NY, USA},
  number = {1-2},
  pages = {9-40},
  title = {Learnable Evolution Model: Evolutionary Processes Guided by Machine Learning},
  volume = 38,
  year = 2000,
}
@book{PSO,
  address = {San Francisco, CA, USA},
  author = {James Kennedy and Russell C. Eberhart},
  publisher = {Morgan Kaufmann},
  title = {Swarm intelligence},
  year = 2001,
}
@book{Nomogen,
    pages = {306},
    year = {1922},
    author = {Берг, Л. С.},
    title = {Номогенез или Эволюция на основе закономерности},
    language = {russian},
    address = {Петергоф},
    publisher = {Государственное издательство}
}
@article{AntAlg,
  author = {Marco Dorigo and Vittorio Maniezzo and Alberto Colorni},
  journal = {IEEE Transactions on Systems, Man, and Cybernetics Part B: Cybernetics},
  publisher = {IEEE Systems, Man, and Cybernetics Society},
  address = {New York, NY, USA},
  number = 1,
  pages = {29--41},
  title = {The {A}nt {S}ystem: {O}ptimization by a colony of cooperating
agents},
  volume = 26,
  year = 1996,
}
@article{HarmonySearch,
  author = {Zong Woo Geem and Joong-Hoon Kim and G. V. Loganathan},
  journal = {Simulation},
  number = 2,
  pages = {60-68},
  title = {A New Heuristic Optimization Algorithm: Harmony Search.},
  volume = 76,
  year = 2001,
}
@book{EvolComp,
  author = {K. A. DeJong},
  publisher = {The MIT Press},
  address = {Cambridge, MA, USA},
  title = {Evolutionary Computation: A Unified Approach},
  year = 2006,
}
@book{SwarmIntel,
  author = {Eric Bonabeau and Marco Dorigo and Guy Theraulaz},
  title = {Swarm Intelligence: From Natural to Artificial Systems},
  address = {New York, NY, USA},
  publisher = {Oxford University Press},
  year = 1999,
}
@book{SwarmINtelDM,
  editor = {Ajith Abraham and Crina Grosan and Vitorino Ramos},
  publisher = {Springer},
         address = {New York, NY, USA},
  series = {Studies in Computational Intelligence},
  title = {Swarm Intelligence in Data Mining},
  volume = 34,
  year = 2006,
}
@article{GraviSearch,
  author = {Esmat Rashedi and Hossein Nezamabadi-pour and Saeid Saryazdi},
  journal = {Information Science},
  number = 13,
  pages = {2232-2248},
  title = {GSA: A Gravitational Search Algorithm.},
  volume = 179,
  year = 2009,
}
@article{DI,
    title = {Dependency Injection \& Testable Objects: Designing loosely coupled and testable objects},
    author = {Jeremy Weiskotten},
    journal = {Dr. Dobb's Journal},
    year = {2006},
    month = {May}
}
@article{EA,
  author = {Adil Baykasoglu},
  journal = {The Computer Journal},
  number = 6,
  pages = 743,
  title = {Evolutionary Computation for Modeling and Optimization.},
  volume = 51,
  year = 2008,
}
@inproceedings{SDS,
 author = {Hurley, Steve and Whitaker, Roger M.},
 title = {An agent based approach to site selection for wireless networks},
 booktitle = {SAC '02: Proceedings of the 2002 ACM symposium on Applied computing},
 year = {2002},
 pages = {574--577},
 publisher = {ACM},
 address = {New York, NY, USA},
}
@inproceedings{SOLID,
 author = {Sandi Metz},
 title = {SOLID Object-Oriented Design},
 year = {2009},
 booktitle = {Gothan Ruby Conference}
}
@INBOOK{Ostensive,
author = {Гастев, Ю. А.},
title = {Определение},
booktitle = {БСЭ},
edition = {3-е},
publisher = {Советская энциклопедия},
address = {Москва},
year = 1988,
language = {russian}
}
@INBOOK{STE,
author = {Галaл, Я. М.},
title = {Эволюционное учение},
booktitle = {Энциклопедия Кирилла и Мефодия},
address = {Москва},
publisher = {Кирилл и Мефодий},
year = 2003,
language = "russian"
}
@electronic{WhyDI,
    author = {Fowler, Martin},
    day = {3},
    month = {January},
    title = {Inversion of Control Containers and the Dependency Injection pattern},
    url = {http://www.itu.dk/courses/VOP/E2005/VOP2005E/8_injection.pdf},
    year = {2004}
}
@book{SRP,
 author = {McLaughlin, Brett D. and Pollice, Gary and West, Dave},
 title = {Head First Object-Oriented Analysis and Design: A Brain Friendly Guide to OOA\&D},
 year = {2006},
 publisher = {O'Reilly Media},
    address = {Sebastopol, CA, USA}
}
@article{ISP,
    author =    {Robert C. Martin},
    title =     {The Interface Segregation Principle},
    journal =   {{C}++ Report},
    publisher = {SIGS Publications},
    address = {Salt Lake City, UT, USA},
    year =      {1996},
    volume =    {8},
    month =     {August},
}
@book{Transactions,
    author = {Weikum, Gerhard and Vossen, Gottfried},
    howpublished = {Hardcover},
    publisher = {{Morgan Kaufmann}},
  address      = {San Fransisco, CA, USA},
    title = {Transactional Information Systems: Theory, Algorithms, and the Practice of Concurrency Control},
    year = {2001}
}
@book{Patterns,
    author = {Freeman, Elisabeth and Freeman, Eric and Bates, Bert and Sierra, Kathy},
    publisher = {O'Reilly Media},
    address = {Sebastopol, CA, USA},
    title = {Head First Design Patterns},
    year = {2004}
}
